2481 3508
463 436 72 70 16.

699 1837 528 80 E ʃiege ꝺe regnes Ɉu-

1290 1830 768 91 ẟuc en criãtgueʃclĩ. ꝺe ce ʃeʃmer

691 1906 536 76 ra le ẟuc ꝺe lancaʃtre

1290 1900 768 76 ueilla le ẟuc ꝺe lancaʃtre et mõlt

709 1966 516 84 Et ẟit q̃ ẟillec ne par

1290 1962 768 90 ʃe enqͥʃt qͥ eʃtoit celluy qͥ ʃi ʃouuẽt

434 2032 791 88 tiroit iuʃques ẟeẟens auroit eʃte

1292 2036 766 84 reueilloir ʃon hoʃt. la auoit ƃng

454 2102 771 84 En regnes eʃtoit ꝺe parle ẟuc

1288 2100 770 88 cheualier ꝺe bꝛecaigne qͥ ẟist au

446 2171 779 83 charles le boiteux ꝺe pauroit

1290 2169 764 80 ẟuc Ɉe ƃous iure monʃeigneur q̃

448 2237 775 84 qui cheualier fut ꝺe grant pꝛou-

1284 2235 768 82 ceʃt ƃng ieunes hõs qͥ ia en ʃon

444 2299 772 88 eʃʃe. ꝺeẟens ꝺeʃira mõlt eʃtre. B

1288 2311 770 80 cage a fait plus ẟarmes que che

448 2371 775 86 qͥ partit de ʃon lignaige y auoit

1286 2375 770 72 ualier ꝺe ce pais ne fit oncques.

450 2440 771 81 mais tant auoir le duc aʃʃiegee

1299 2438 757 85 Et luy conta puis la pꝛinʃe ẟe

450 2510 770 78 la ƃille ꝺe toutes pars q̃ ꝺe gens

1290 2502 764 91 forgeray.. Et que ʃire ʃen ʃar

450 2578 805 74 et ƃiures ne pouoient auoir ʃe-

1284 2576 772 70 ʃoit nommer. Lors ẟit le ẟuc

450 2642 770 70 cours. ẟurant le ẟit tempʃ ẟuẟit

1282 2636 776 88 que puis qu il tenoit le chaʃtel

448 2703 768 89 ʃiege ʃe tint Bertranẟ es grãs

1280 2708 774 82 que ʃire ʃen pouoit bien clamer

452 2779 768 76 foꝛeʃtz p̃s ꝺe regnes. et ʃouuẽt ꝺe

1284 2771 774 88 mais bien ƃoulʃiʃt quil fuʃt aul

446 2843 774 76 iour et ꝺe nuit couroit ʃur loʃt ẟu

1280 2845 774 86 tre part. ꝺeuant regnes fit le ẟuc
