4267 6033
2316 824 1330 141 enuiron la ƃespree fit aʃʃaillir le

861 945 1341 144 mẽt navoient lung laultre enʃer

2326 938 1320 144 ẟuc la cite. et en celluy aʃʃault

871 1052 1327 154 re. Si dit au cheualier Brãn.

2322 1055 1334 148 firent tant anglois que Ɉlz miʃ

858 1179 1337 148 broht. Soʃtre requeʃte ƃous ay a

2319 1173 1324 144 rent ƃng balfroy bien pres ẟes

861 1303 1334 124 complie et par lamour ẟe mon

2316 1290 1330 137 murs ẟe la cite. A la nuytee

861 1411 1331 144 ʃeigneur le ẟuc qui la eʃt ƃous

2312 1400 1334 155 ceʃʃa laʃʃault et miʃt gens ẟar

854 1525 1341 157 ay eʃpargnie. Ces parolles pnt

2312 1521 1314 138 mes et arbeleʃtriers au ẟit bal

858 1642 1330 147 branbroht a treʃ grant ẟeʃẟaĩg

2319 1645 1327 131 froy en eʃperance ꝺe recommẽcer

848 1759 1347 138 et ẟit a Bertranẟ que ẟautant

2309 1749 1341 144 le lenẟemain laʃʃault parle bal

848 1870 1337 161 le requeroit. ¶ Si luy accorẟa

2322 1873 1321 134 froy mais lenẟemain au point

854 1984 1331 151 Bertranẟ. la recommenca la

2319 1987 1311 134 du iour par le conʃeil Bertrant

851 2104 1341 151 iouste ¶ Si a ẟuint que ꝺe la pre

2306 2101 1327 137 et le boiteux ꝺe paueoit le dit . B.

851 2218 1337 134 miere lance Uertranẟ frappa

2309 2228 1321 128 en grant nombre ꝺe gens ẟar.

854 2339 1334 134 branbroht ẟe celle ƃertu quil luy

2312 2332 1321 141 mes aʃʃaillirent le ẟit balfroy

851 2453 1341 147 perʃa tout ʃon harnoys en telle

2306 2456 1334 131 et occirent. les garẟes et boute

851 2567 1334 151 maniere que le fer ẟu glaiue luy

2312 2574 1324 144 rent le feu gregois tant que le ẟir

851 2684 1341 151 treʃperʃa oultre le corps ẟont Ɉl

2309 2684 1334 124 balfroy brula ẟont loʃt fut tout

854 2801 1331 148 chayt tout paʃme ʃur le champ

2309 2798 1331 144 eʃmeu et aʃʃaillirẽt anglois biẽ

854 2905 1328 158 Quant Bertranẟ euʃt le ches

2306 2915 1330 148 aʃpremẽt ceulx ꝺe regnes qͥ yssus

851 3029 1344 151 ualier a baru il ʃaisist ʃon ꝺestri

2302 3026 1328 151 estoiẽt. la ʃe deffenẟirẽterygnois

837 3160 1351 114 er et tout monte ƃint merclerle

2309 3153 1324 118 cant longuement et tant firent

848 3254 1334 164 duc et luy diʃt. ¶ Sire ie ƃins

2302 3271 1334 134 que ʃans perte ʃen retournerent

854 3395 1334 141 cy a ƃng ẟestrier et ie menuoys

2319 3388 640 114 ꝺeẟens regnes.

848 3499 1330 130 a ꝺeux ƃoʃtre merey . la ƃint le

841 3603 1344 164 herault ꝺu ẟucQuant Ber

2294 3614 1338 136 Ce temps approus

851 3733 1331 144 cranẟ lapparceuʃt tantoʃt luy

2712 3745 920 116 choit le cemps ẟiuer et

848 3847 1330 131 ẟonna le ẟestrier quil auoĩt con

2712 3835 915 151 moult eʃtoient le ẟuc

844 3954 1415 161 quis ẟont luy et sa cheualerie le

2292 3958 1334 147 et leʃ anglois trauaillez ẟe ʃiege

848 4089 1086 140 cinẟrent a grant honneur .

2302 4078 1328 135 cenir qui longuemẽt auoit ẟure

2316 4182 1310 141 Et uoulentiers euʃt le ẟuc leue

860 4303 1313 136 Dens regnes entra

2289 4306 1327 141 le ʃiege mais il auoit iure que ia

1252 4424 926 130 meʃʃire bertranẟ qui

2292 4430 1328 134 mais nen partiroit tant que ʃon

1216 4544 962 138 hõnora blemeut y fut

2292 4541 1324 141 penon fut aʃʃiz ẟeuant la porce

824 4658 1351 151 receu et feʃtoye celle iournee mais

2296 4655 1317 151 ẟe la cire. En la cĩte eʃtoyent en
