2481 3508
420 532 768 91 de grans aʃʃaulx mais plus y

419 600 769 87 perẟit quil ny guaigna ¶ Loꝛs

417 666 767 78 fit la cite miner mais le boiteux

420 734 768 82 ꝺe pauchoit qͥ ꝺe la mine ʃe ẟoub

420 820 772 53 ta oꝛẟonna que pour auoir co

417 871 773 82 gnoiʃʃance chaʃcũ teniʃt en ʃon

419 931 773 90 hoʃtel baʃʃins ou paelles darain

419 1007 777 70 et ƃnes foꝛcettes ꝺeẟẽs. Pource

419 1073 775 84 furent ceulx ꝺe regnes cognoiʃ

426 1142 772 76 ʃans ẟe la mine et cõtreminerẽt

420 1204 776 74 ẟe la mine ʃceut Bertranẟ nou

417 1274 779 72 uelles qui moult en fut ꝺoulent

430 1333 763 87 Et ƃne nuyt cheuaucha Ber

420 1414 770 76 tranꝺ ʃecrerement atout ʃes cõ-

417 1477 779 76 paignons et en loʃt du ẟuc bou

419 1543 777 82 ta le feu. Si commenca le cry

420 1613 772 80 merueilleux que anglois cuiẟo

420 1676 776 83 yent q̃ francois pour le ẟuc char

420 1742 774 86 les fuʃʃent la ƃenuz. Et celle ƃo

424 1808 778 92 ye pꝛint Bertrand quatre che

420 1878 786 84 ualiers de loʃt et luy fiancerent

420 1944 784 86 tenir pꝛiʃon puis ʃe retrait Ber

424 2017 778 81 tranẟ en la foreʃt. Pour le cry

422 2081 778 84 furent oꝛẟonnez anglois en ba

424 2151 770 84 taille toute nuyt Iuʃques que leʃ

422 2219 782 84 pie du iout ƃint qui ẟit que ce

424 2284 780 80 neʃtoit riens. Loꝛs ʃe penʃa le

428 2350 768 84 duc et ẟiʃt que ceʃtoit Bertrãẟ

422 2416 784 84 qui ẟoꝛmir ne les laiʃʃoit. Aẟõc

428 2486 780 84 ƃint ƃng cheualier anglois pꝛi

426 2554 780 80 ʃonnier que Bertranẟ enuoya

428 2625 782 83 au ẟuc et luy ẟiʃt. monʃeigneur

430 2691 778 72 a ƃous menuoye Bertranẟ a

428 2759 782 82 qui pꝛisonnier ʃuys pour ƃous

436 2827 778 86 ẟire que ceʃte nuyt ƃous a reueil

1255 528 785 82 le mais pour ce que ẟoꝛeʃenauãt

1257 596 777 86 il ƃous laiʃʃe dormir il ƃous re-

1257 668 775 86 quiert que ꝺeẟẽs regnes Il ƃous

1257 732 775 86 plaiʃe le laiʃʃer entrer luy et ʃes

1260 814 774 72 compaignons car moult ꝺeʃire

1264 873 772 80 ƃeoir ʃes parens qui leans ʃont

1259 937 775 84 Le ẟuc qui fut moult courrouʃ

1264 1009 766 80 se reʃponẟit que ia treues ne luy

1264 1075 774 70 ẟonroit aincois feꝛoit plus foꝛt

1262 1136 774 85 miner la cite. Tant contraigne

1262 1206 776 86 rẽt ceulx ꝺe regnes q̃ la mine fut

1259 1276 777 76 percee. la furent anglois eʃiouiz

1258 1335 763 85 qui longuement combatirent.

1260 1407 784 76 et en la fin les ãglois ꝺe la mine

1262 1475 782 74 furẽt moꝛʃ et ẟeʃcõfis et la mine

1268 1539 784 78 fõẟue. Quãt le ẟuc ʃceut la ꝺeʃcõ

1268 1613 778 82 fiture en luy neuʃt que courrouʃ-

1268 1676 776 87 ʃer. Si fit ꝺe plus en plus guer

1266 1748 778 80 rier q̃ ƃiures et ʃecours neuʃʃent

1268 1814 774 82 ceulx ꝺe regnes Et biẽ ʃauoit le

1270 1888 772 78 ẟuc qua bien grant pourete de

1268 1944 766 84 chair eʃtoit mais poĩt ne hyʃʃo

1266 2019 778 81 yent. Loꝛs ʃe penʃa ẟune grant

1272 2085 770 74 ʃoubtiuete pour les cuiẟer faire

1268 2143 770 92 yʃʃir Il fit aʃʃembler bien ꝺeux

1270 2219 774 80 mille poꝛs et les fit mectre en pa

1270 2295 770 65 ʃture pꝛez ꝺe regnes au maretz.

1272 2354 776 72 Lors cuiẟerent hyʃʃir mais le

1270 2420 780 74 capitaine ne le ƃoult ʃouffrir. ain

1270 2490 780 78 cois trouua ƃne ʃubtilite contre

1270 2553 778 87 celle du ẟuc Il manẟa ƃng bou

1270 2625 780 78 chier et fit amener ƃne truye et

1272 2685 778 90 puis fiʃt abaiʃʃier la plãche ẟu

1274 2755 772 84 põt et fit lãcer Icelle truye ʃoubz

1274 2829 776 86 la poꝛte au ꝺeẟens qui mõlt foꝛt

1929 2894 95 76 bii

1957 426 99 68 17
