2481 3508
407 553 776 82 le roy pour traictier et ʃe partir

1245 561 783 72 tre mille hommes emmenerent.

413 617 760 88 ʃans bataille. Et fit offrir ren

1249 625 773 86 et en la bataille ꝺemoura le roy

415 693 758 80 ẟre au roy tous les chaʃteaulƃ

1249 697 775 72 iehan qui pour ce ne ƃoult partir

409 758 760 81 qui ꝺe par les anglois eʃtoyẽt ce

1255 765 771 84 ais aʃʃembla aʃi pou ꝺe gẽs qͥ ẟe

407 828 764 86 nus ou royaulme ꝺe france et

1255 832 771 72 moure luy furent. Quãt ãglois

407 888 758 88 cent mille frans ¶ Les offres

1253 900 773 82 apperceurent que la cheualerie ꝺe

405 958 758 80 conʃeilla ꝺe prẽẟre au roy le ma

1259 968 769 72 frãce eʃtoit ꝺeʃaparee apertemẽt

407 1023 752 85 reʃchal ẟãcrehan qͥ ẟu cõʃeil ẟu

1260 1029 762 83 ʃe aʃʃembla la bataille ẟu roy qͥ

407 1093 752 82 roy eʃtoit. mais la fut le mareʃ-

1239 1095 785 86 grãꝺemẽt les receur. Et a la fin

407 1163 762 68 chal ꝺe clermont qui au roy le

1257 1163 767 88 fut pris et ʃon mainʃne filz phe

411 1223 758 88 ꝺeʃloigna. et ẟist au mareʃchal

1257 1237 769 68 lippes auecques luy au moys ꝺe

409 1297 756 80 ꝺentrehan que pour ce q̃ peur a-

1262 1297 764 76 ʃeptembꝛe. M.cccloi. Uie ʃra

407 1364 764 72 uoit ꝺonnoit le conʃeil ꝺes parol

1259 1366 765 82 uoit le roy eẟouarẟ q̃ le roy iehã

401 1426 766 84 les ʃe courouʃʃa entrehan et ẟit

1259 1432 771 86 pourʃuiuoit ʃon filz le prĩce Et

405 1494 764 72 au mareʃchal ꝺe clermõt. Eler

1259 1502 763 80 pour luy ʃecourir enuoya le ẟuc

403 1559 762 87 mont affin q̃ aʃchiez ʃe batail-

1264 1564 766 86 ꝺe l auchaʃtre ʃon filz qui la mer

403 1631 770 80 le y a que ie n ay pas peur Ɉe ƃueil

1266 1637 760 79 ꝺe bꝛetaigne paʃʃa auec grans

405 1693 764 78 que ƃous ʃachiez q̃ larreʃt ẟe ma

1264 1703 764 80 gens. Et tãt ʃe haʃta pour eʃtre

401 1763 770 86 lance y ʃera plus auant q̃ la poĩ

1262 1767 799 80 ꝺen la bataille que trois iours ʃe

407 1826 760 83 te ꝺe la ƃostre ne ʃera. Finable-

1262 1835 766 82 uant arriua au põt ꝺe ʃee ʃur luy

405 1898 772 82 ment toutes les offreʃ ẟu pꝛince

1262 1902 764 81 re mais les francois luy garꝺe

405 1962 768 90 reffuʃa le roy. Et entrerent len

1264 1966 776 86 rent le paʃʃaige et luy conuint il

411 2030 762 74 ꝺemain au matin en la bataille

1260 2036 770 82 lee a rꝛeʃter ou on luy appoꝛta leʃ

405 2097 766 87 La furẽt leʃ ꝺeux mareʃchaulx

1264 2104 768 72 nouuelles ꝺe la ꝺeʃconfiture ẟõt

407 2165 762 78 ꝺe france qui la pꝛemiere batail-

1259 2173 773 89 grant ꝺeul ꝺemena pour ce qu il

403 2231 770 76 le auoiẽt. Et pour les parolles

1264 2239 330 86 ny auoit eʃte.

403 2305 770 82 qu ilz auoyent euez furent lung

405 2364 762 87 ʃur laultre moult enuieux ¶ Si

411 2434 764 78 ꝺefreement entrerẽt en la batail

405 2502 766 86 le ẟu prince qui au front ꝺe ʃa

407 2572 756 86 bataille auoit mis grant nom

407 2632 766 90 bꝛes ẟarchierʃ pour leʃquelz fut

403 2699 768 82 la baraille ꝺes mareʃchaulx ꝺeʃ

407 2769 766 91 cõfite. ẟe loʃt ẟu roy ʃen partirẽt

407 2843 762 88 aucũs pꝛinces qui plus ꝺe qua-

1960 422 105 88 15.
