4267 6033
667 703 177 121 20.

777 824 1351 161 panebꝛoh qui luy ẟit. Sire ẟuc

2225 824 1334 151 que par moy vous envoye. Ap

784 958 1341 127 ie loue que vous envoyez a ber

2232 955 1351 120 pertement partit bertranẟ pont

780 1072 1345 117 tranẟ ʃauconẟuit et que vous le

2235 1065 1334 124 aler vers le ẟuc mais avant . ẟõ

777 1189 1351 131 manꝺes. Etre le cognois tant

2239 1176 1337 144 na au herault cent frãs qͥ mõlt

2232 1293 1337 148 le mercya. Pluʃieurs ꝺe loʃt hyʃ

784 1421 1341 140 ʃon herault a regnes et par ʃau

2242 1421 1331 120 ʃirent ꝺes tantes pour voir ber-

777 1538 1351 134 conẟuit manẟa luy quatrieʃme

2239 1528 1340 121 trãẟ et tãt ala qͥl vint a la tante

784 1649 1341 137 ꝺeẟens regnes entra le herault

2249 1649 1334 140 ẟu ẟuc. Et ꝺevant luy ʃagenoil

777 1769 1351 134 et ʃe aẟꝛeʃʃa au capitaine. Et

2242 1762 1337 124 la humblement lequel tantoʃt le

770 1876 1358 151 luy ẟit ce pour quoy Il eʃtoit la

2245 1883 1338 134 releua et le mercya ꝺe ce qͥl eʃtoit

780 1990 1348 148 enuoye. A celle heure ʃen venoit

2242 2000 1022 121 venu a ʃon manꝺement .

777 2114 1344 138 bertranẟ le long ẟune rue veʃtu

777 2228 1348 151 ẟung noir Ɉaques qͥ neʃtoit pas

780 2349 1361 144 ꝺe grant mõʃtre et a ʃon col poꝛ

2624 2329 955 154 Duguemẽt tint le ẟuc

774 2466 1361 134 toit une hache. le capitaine mon

2654 2460 925 137 Bertranẟ en parol

774 2580 1357 134 ʃtra bertranẟ au herault et quãt

2299 2574 1284 140 les. Et bien aparceut

770 2694 1371 128 le herault la parceut ʃi noir et en

2198 2691 1388 144 Le ẟuc a ʃon parler q̃ en luy auoit

774 2812 1367 144 tel arꝛoy il ẟit au capitaine ʃaĩc

2218 2808 1368 131 grant harꝺement et tenẟit molt

774 2922 1347 144 te marie ʃire cõmẽt il ʃẽble bien

2235 2922 1348 138 le retraire a ʃa part. Et luy ẟe

770 3036 1345 154 eʃtre brigat en celeʃtat Beaulx

2245 3043 1338 134 manẟa qui ʃon seigneur eʃtoit.

774 3160 1347 134 amis ẟit le capitaine Ɉe vous cõ

2279 3153 1317 134 Sire ẟit bertranẟ ia le ʃcaues

770 3274 1341 154 ʃeille que vous parles a luy cour-

2249 3274 1337 134 aʃʃes vous ʃcaues que ceʃt mon

770 3398 1358 138 toiʃement car par maiʃtriʃe on

2249 3381 1340 134 ʃeigneur charles qui tient la ẟuc

767 3509 1368 134 ne auroit riens ꝺe luy aẟoc fiʃt

2249 3509 1347 134 chie ꝺe par ma ẟame ʃa femme

770 3626 1348 137 le capitaine appeʃʃer bertran.

2249 3623 1344 134 a ce reʃpondit le ẟuc Beaux a

770 3733 1361 138 La fut le herault qui courtoiʃe-

2245 3743 1341 128 mis encoꝛes ne tiẽt pas charles

767 3857 1374 141 ment le ʃalua ꝺe par le ẟuc et luy

2239 3847 1350 148 la ẟũchie ꝺe bꝛetaigne aicoiʃtiẽs

764 3975 1374 137 ẟit. ʃire a vous menvoye le ẟuc ꝺe

2249 3971 1337 138 q̃ .c. mille perʃõnes en mourꝛont

764 4089 1391 140 lanclaʃtre qui pour les biens:

2242 4102 1351 121 ẟont ꝺommaige ʃera. Et ber

767 4223 1378 107 que ꝺe vous a ouy racompter ꝺe

2242 4202 1337 145 trãẟ en ʃeʃbatant luy ẟiʃt. Mõ

767 4316 1354 135 ʃire moult vous veoir. Et pour

2239 4316 1357 141 ʃeigneur ie croy biẽ qu õ en juera:

770 4444 1355 114 ce vous ẟis ꝺe bonnairement que

2239 4437 1347 134 aʃʃeᴣ mais ꝺemourera la voix a

767 4544 1348 148 vous quatrieʃme le vueillez ue-

2232 4558 1344 130 ceulx qui ꝺemoureront. ꝺe ce ʃe

764 4665 1377 147 nir veoir a ʃon hoʃt. Et pouẽce.

2235 4672 1348 120 pꝛĩt le ẟuc a ʃourrire et ẟit a bẽn

767 4776 1334 157 faire voyes yʃʃiʃʃon ʃauconẟuit

2235 4782 1304 144 tranẟ ʃe ʃervir me voules Ɉe uoꝰ
