4267 6033
3559 760 124 158 19

1102 904 1023 158 Aur fi̾t le ƃourgois qͥl

2208 904 1334 145 Ainʃi entra Bertranẟ ꝺeꝺens

1112 1035 989 154 eʃchappa ꝺe loʃt et pꝛit

2215 1039 1324 137 regnes ꝺont ceulx ꝺe ʃon ligna

962 1156 1129 144 ʃon chemũ ẟꝛoit a nãteʃ

2202 1142 1340 148 ge et ẟe la ville ʃe reʃtouirent

760 1260 1328 147 Et le lẽꝺemaĩ trouva en ʃõ che

2208 1266 1338 138 moult. ẟe ce ʃceut toʃt nouuelles

757 1380 1337 145 min .U. ẟu gueʃclin et ʃes com

2208 1387 1334 117 le duc ꝺe lanclaʃtre qui moult

747 1494 1341 151 paignõs q̃ loʃt ẟu ẟuc aloyẽt eʃ

2202 1494 1340 144 en fut ẟoulent . Et vit ƃien quil

744 1615 1340 134 piant tantoʃt cognent Bertrãẟ

2205 1612 1327 144 fut ẟeceu. Loꝛs retourna en ʃõ

740 1732 1334 144 le bourgois qui luy compta cõ-

2212 1726 1324 150 ʃiege et ẟe plus en plus le tint a

740 1846 1344 151 me Il eʃtoit a ceulx ꝺe regnes et

2205 1843 1334 127 ẟeʃtroit. Quant Bertranẟ fut

744 1970 1340 134 comme il auoit parle au ẟuc et

2198 1964 1344 140 en regnes atout les vivres char

750 2084 795 131 ʃen aloit a nantes.

2205 2078 1331 140 rois et priʃonniers il ẟeʃlivra

2208 2205 1321 117 ʃans ranʃon paier tous mar.

2198 2312 1338 141 chans eʃtrangiers qui avoyent

1189 2403 879 161 Le matin chevau-

2198 2433 1338 134 amene vivres en loʃt et ꝺes vi-

1189 2540 879 137 cha le ẟuc ꝺe lancla

2195 2553 1341 128 ures quilᴣ a voyent ameneᴣ au

1163 2647 908 151 ʃtre ʃur le chemin. ꝺe

2202 2661 1337 137 iour ꝺe la p̾nʃe. les fit payer par

690 2771 1388 138 nantes en ẽʃperãce ꝺe rẽcontrer

2198 2775 1331 140 ceulx ꝺe regnes mais aincois

744 2882 1337 151 frãcoys. Et en ʃon ʃiege laiʃʃa

2195 2892 1337 134 leur fit pꝛomectre que jamais

750 3009 1331 118 tentes pauillons et charroys vi

2198 3006 1314 121 en loʃt ẟu ẟuc namenroyent vi

744 3123 1337 138 ures et gens ẟarmes pour le ʃie

2198 3123 1341 134 ures. Ce fait les envoya au ẟuc

744 3227 1344 154 ge garẟer Bertranẟ qui par le

2202 3241 1330 134 et les charga ꝺe dire au ẟuc quil

750 3358 1331 137 bourgoys ʃceut le ẟepartement

2205 3358 1334 117 ʃe recommanẟoit a luy . Et que

750 3465 1328 144 ẟu ẟuc vint feriꝛ ʃur le ʃiege en

2205 3468 1331 138 pour ʃon coꝛps les ƃiens ꝺe la

744 3572 1330 161 criant gueʃclin et illee ʃe ẟeffen-

2208 3582 1334 128 ville eʃtoyent a ʃon commanẟe.

750 3696 1331 155 ẟirent anglois ¶ Quant ceulx

2208 3706 1341 114 ment. les marchans vinẟrent

754 3817 1327 144 ẟe regnes qui le ꝺepartemeut ʃa-

2212 3820 1334 134 au ẟuc puis luy cõpterent ẟe ber

750 3938 1341 144 uoyent ẟu ẟuc et anʃʃi que Ber

2212 3941 1327 131 tranẟ et ce que par eulx luy mã

754 4048 1334 144 trãs ʃe combatoit aux anglois

2212 4042 1330 144 ẟa. Moult le priʃa le ẟuc. Et

754 4169 1337 141 ilᴣ yʃʃirent ẟe regnes et entre.

2215 4166 1334 137 ẟiʃt que jamais cueur ẟe telle lar

754 4276 1334 151 rent au ʃiege. La furent ãglois

2202 4286 1351 124 geʃʃe ne pourroit mauvaiʃemẽt

760 4394 1331 144 ʃurprins. Et les tentes ꝺu ẟuc

2215 4397 1321 141 finer et que encoꝛes paʃʃeroit

764 4507 1330 138 vivres charrois et pauillons

2218 4511 1318 141 bertranẟ tous les chevaliers

747 4628 1354 144 guaignes et mis en la cite ẟe

2225 4632 1328 134 ẟu monẟe et foꝛt ʃe ꝺementa ẟe

770 4749 1331 147 regnes auec leurs priʃonniers

2215 4735 1344 155 le veoir . Avec luy fut le conte ꝺe

3335 4856 224 144 B iii
