2481 3508
391 428 86 82 9.

477 496 768 88 anglois qͥ les treres auoiẽt ac

1305 498 764 86 ẟit que gentil homme eʃtoit et

479 567 760 74 coꝛꝺees et le lẽꝺemaĩ matin crie

1301 567 772 89 que ʃa foy ne bailleroit a aul-

479 629 760 92 rẽt ãglois a larmee ʃur loʃt ẟu

1307 637 758 84 truy que a celluy a qui lauois ꝓ

479 699 754 78 ẟue charles qͥ ẟe ce ne ʃe ẟõnoit

1307 699 754 88 miʃe. la eʃtoiẽt pluʃieurs cheua

469 765 766 90 garẟe. quãt le ẟuc apparceut la

1303 769 760 80 liers qui ꝺe charles eurent pitie

471 832 756 91 trahyʃõ il ʃarma luy et ʃes gẽʃ

1305 836 760 85 et ẟirent a ẟãgorre qu il ne fuʃt

473 900 758 84 et aʃʃembla cõtre les aglois. la

1307 902 758 82 tant harẟy ẟele faire occire. A

471 966 766 84 euʃt bataille fiere et merueilleu

1309 968 752 94 ẟõc ẟãgoꝛre ʃe reffraignir. Aĩ

477 1032 752 88 ʃe. maiʃ en la fin le ẟuc charleʃ

1311 1042 750 82 ʃi fut charles pꝛins par la ꝺeʃ-

477 1105 754 83 fut ẟeʃcõfir et ʃon corps naure

1307 1108 756 82 loyaulre ẟes anglois qui en an

475 1171 754 74 ꝺe .xƃiii. plaies moꝛtelles. et y

1301 1177 764 80 glererre le menerent. et fut ren-

471 1235 762 76 moꝛut le ƃiʃcõte ꝺe rohãet mõlt

1311 1243 754 84 ẟu au roy eꝺoart. ꝺeʃpuiʃ qͥ char

471 1307 756 70 ẟaultres barons et ʃeigneurs.

1309 1305 754 90 les fut pꝛins les treues ꝺes frã

467 1370 762 81 puis apꝛes la bataille ƃinẟꝛẽt

1311 1375 717 82 cois et ꝺes anglois faillirent.

467 1436 760 84 les ƃarles anglois cerchier les

1319 1438 742 89 Et les treueʃ faillies fit le roy

467 1504 762 88 champs et les occis ẟeʃpoil-

1311 1512 754 78 eẟoarẟ treʃgrãt armee que cõ-

463 1572 764 84 ler. La fut ƃng barlet nomme

1313 1580 748 80 ẟuiʃoit le prince ẟe gales ʃon aiʃ

463 1640 766 75 coufin qͥ trouua charles le ẟuc.

1311 1646 760 84 ne filz lequel passa la meret en

463 1705 768 78 et le ƃoulut ẟeʃpoiller. A celluy

1315 1715 748 85 tra en picarẟie en gaʃtãt le paiʃ

467 1777 760 72 ẟonna le ẟuc foy et ʃerment. et

1315 1791 758 72 ꝺe picarẟie et ꝺe champaigne. et

461 1843 766 86 luy pꝛia que a ʃa femme alaʃt

1313 1847 752 88 puis pꝛint ʃa ƃoye ẟroie en ga

465 1907 764 88 ẟire qͥl eʃtoit encoꝛes en ƃie et qͥl

1321 1913 206 86 ʃroigne.

461 1976 764 78 le ʃeroit riche hõme. pour trou-

459 2044 766 78 uer charles le ẟuc fit ẟangoꝛre

1520 2044 545 86 Our le prince guerroy

459 2106 762 92 ãglois apres la bataille le chãp

1366 2114 699 86 Per aʃʃembla le roy iehã

459 2174 762 80 cerchier Aẟonc fut le ẟuc trou-

1483 2184 584 84 ẟe france treʃgrant ar

459 2249 768 79 ue en ƃie et fut amene a ẟãgoꝛ

1266 2081 61 269 P

1502 2256 565 74 mee et les pꝛices pour

461 2311 762 82 re. lequelle miʃt en la roche ẟari

1303 2311 766 90 luy. Et luy mãẟa le roy batail

459 2379 761 88 en et luy ẟist qͥl ʃe renẟist a luy

1301 2383 762 82 le. mais moult ʃe ꝺoubta le prĩ-

459 2447 762 84 ẟe ce ʃut le ẟuc reffuʃant et pour

1303 2453 749 82 ce qui touʃiours cheuaucha

459 2517 759 80 ce le miʃt en ƃng cellier tout nuẟ

1305 2517 758 78 ƃers guienne. pourtãt le pour

463 2582 755 86 ʃur ƃng pou ẟe fein. puis fit ƃe

1303 2590 760 74 ʃuit le roy tant qͥ entre poitiers

461 2654 762 76 nir quatre archiers et contre le

1296 2648 769 88 et chauuigny la cõceuʃt. Quãt

465 2718 756 74 ẟuc les ƃoulut faire traire ʃe a

1294 2718 769 84 le pꝛĩce apparceuʃt q̃ la bataille

458 2786 771 90 luy ne ʃe rẽẟoit charles reʃpon-

1286 2788 772 92 ne pouoir eʃcheuer il ẽuoya ꝺeũs
