4267 6033
690 911 1337 134 grant ꝺouleur ꝺe ƃiures et bien

2138 911 1337 141 ꝺe cheualiers etʃe menerent luy

703 1025 1321 138 ʃauoit Bertranẟ le ʃerment q̃

2111 1032 1375 144 et ʃa compaignie cheuauchant

690 1136 1327 144 le ẟuc auoit fait. Si fit aʃʃem

2141 1149 1338 138 tout parmy la cite et par la ƃille

697 1260 1324 137 bler les cheualiers eʃcuyers qui

2135 1256 747 134 pour ƃeoir leʃtat.

697 1377 1320 141 ꝺe ẟens regnes eʃtoyent. Et par

687 1484 1330 141 le conʃeil. Bertranẟ fut auiʃe

2163 1473 1303 160 Qant le ẟuc ƃit la

690 1598 1334 148 que ʃe le ẟuc ꝺe lãclaʃtre ƃouloit

2527 1595 908 157 grant plante ꝺes ƃi

687 1722 1330 138 luy ẟixieme ʃeullemẽt entrer en

2420 1736 1029 134 ures qui en regnes

700 1846 1317 131 regnes on luy ouureroit les por

2138 1833 1327 144 eʃtoyent ʃur les eʃtaux et les gẽs

687 1960 1327 131 ces et par ʃon ʃerment acquiter

2141 1957 1318 134 qui y eʃtoyent armes Ɉlenuoya

690 2067 1324 138 on luy mectroit ʃon penõ ʃur les

2138 2064 1327 144 ƃng herault en loʃt q̃rir ʃes ban

690 2188 1317 138 portes mais q̃ ʃon ʃiege leuaʃt.

2131 2188 1334 128 nieres et pennons. Et cantoʃt

703 2289 1308 154 Ceʃte choʃe fit ʃignifier. B. au

2135 2299 1330 137 furẽt apportees et miʃes ʃur les

697 2426 1320 124 ẟuc qui ꝺebonnairement lac

2131 2419 1334 131 portes ou monta le ẟuc puis les

687 2533 1317 134 corda. Et demanda respit de

2138 2523 1331 148 y aʃʃiʃt puis ꝺescenẟir et luy fut

693 2657 1324 128 troys iours pour auoir ʃur ce cõ

2135 2644 1334 117 le ƃin aporte ẟõt il bent.  ap̃s boi

687 2755 1330 144 ʃeil. Pour lordõnance ꝺe Ber

2135 2751 1330 128 re ẟit Bertrans au ẟuc. Sire

687 2879 1330 144 trãs fuʃt crie en regnes que le len

2135 2869 1330 144 ie ƃous ʃupplie quil ƃous plaiʃe

683 2996 1334 141 ꝺemai fuʃt chaʃcu arme au ꝑdĩe

2135 2993 1324 137 moy ẟire ou ʃera la guerre doreʃ

683 3113 1334 121 ẟu iour. Et tous ƃiures chairs

2138 3113 1327 111 enauãt. car la me ƃoulẟroye re

683 3224 1321 144 poiʃʃons et aultres ƃiures fuʃ

2138 3220 1311 138 traire. le ẟuc luy respõ ẟit beaux

683 3338 1334 144 ʃent mis ʃur les eʃthaulx et fene

2131 3334 1287 138 amis ƃous le ʃcaures, tantoʃt.

683 3452 1321 151 ʃtres ꝺe la cite tout aĩʃi que Ber

677 3562 1371 148 cranẟ le ꝺeuisa il fut fait. Aul.

2123 3539 1323 166 De la cite de regnes yʃ

677 3686 1337 134 cuns cheualiers anglois conʃeil

2546 3695 900 125 ʃit le ẟuc de lanclaʃtre

683 3810 1328 128 lerent au ẟuc que ꝺe ce il ne fiʃt

2546 3770 905 151 Et tantoʃt quil filt

683 3918 1311 124 riens ʃe plainement la cite ne

2135 3914 1317 141 ʃur le pont ʃi gecterent ceulx ẟe

677 4035 1334 137 ʃtoit miʃe a ʃon commanꝺemẽt

2135 4032 1320 114 regnes ʃes banieres a ʃes tallos

677 4149 1337 147 et qu ilz ʃauoyent bien que la cite

2135 4146 1327 130 ẟont le ẟuc fut ẟoulent ẟontil

677 4263 1334 147 eʃtoit affamee touteffois celle

2135 4259 1314 118 auoit fait oncques traietie tou.

687 4383 1330 135 Ɉournee que le ẟuc ꝺeuoit entrer

2131 4377 1328 134 teʃuoies pour ʃa loyaulte cenir

683 4494 1334 148 Ɉl y ẽtra comme accorde lauoit

2125 4487 1330 141 leua ʃon ʃiege et ʃ en ala au cha-

693 4615 1318 134 Et pour ce alerent alencontre

2131 4601 1324 131 ʃtel ẟauuoy. Puis ꝺe la ʃen

683 4725 1334 148 et yssirent ꝺehors le capitaine et

2131 4719 1324 137 partit cirant a rains la ou Ɉl

677 4843 1337 147 Bertranẟ. Et y entra luy .x.

2128 4839 1297 138 cuyẟa ʃe faire coronner roy
