4267 6084
706 669 210 138 22.

858 828 1356 142 bertrãẟ ẟoulent ꝺe ce que aultre

858 946 1346 128 mẽt nauoient lung laultre enʃer

872 1057 1322 136 re. Si ẟit au cheualiẽr bꝛan

855 1183 1339 141 broht ƃoʃtre requeʃte ƃous ay a

858 1301 1336 138 complie et par lamour ẟe mon

862 1412 1332 142 ʃeigneur le ẟuc qui la eʃt ƃous

855 1527 1339 156 ay eʃpargnie Ces parolles pͥnt

855 1646 1332 142 bꝛanbꝛoht a treʃ grant ẟesẟaĩg

848 1757 1349 125 et ẟit a Beꝛtranẟ que ẟautant

852 1872 1335 152 le requeroit. ¶ Si luy accoꝛda

855 1990 1335 132 Bertranẟ. la recommenca la

852 2102 1345 155 iouʃte ¶ Si a ẟuint que ꝺe la pꝛe

855 2217 1332 135 miere lance Bertranẟ frappa

852 2335 1342 135 branbꝛoht ꝺe celle ƃertu quil luy

855 2453 1332 152 perʃa tout ʃon hãtnoys en telle

852 2572 1338 142 maniere que le fer ẟu glaiue luy

848 2680 1339 155 treʃperʃa oultre le corps ẟont Ɉl

852 2805 1335 142 chayt tout paʃme ʃur le champ

852 2910 1332 138 Quant Bertranẟ euʃt le che-

848 3028 1346 152 ualier a batu il ʃaiʃiʃt ʃon ꝺeʃtri

838 3153 1349 125 er et tout monte ƃint mercieeͬ le

848 3254 1336 166 ẟuc et luy ẟist. ¶ Sire ie ƃins

852 3386 1335 152 cy a ƃng ẟeʃtrier et ie menuoys

845 3498 1332 149 a deux uostre mercy . la uint le

845 3606 1349 159 herault du ducQuant Ber

848 3731 1339 145 tranẟ lapparceuʃt tantoʃt luy

848 3846 1332 132 ẟonna le ẟeʃtrier quil auoĩt con

857 3959 1350 152 quis ƃont luy et ʃa cheualerie le

845 4086 1095 142 cinẟꝛent a grant honneur .

1261 4316 919 135 Eꝺens regnes entra

1237 4415 939 142 meʃʃire bertranẟ qui

1217 4542 963 146 hõnora blemeut y fut

821 4661 1356 148 receu et feʃtoye celle iournee maiʃ

2316 824 1339 139 enuiron la ƃeʃpꝛee fit aʃʃaillir le

2326 936 1325 148 ẟuc la cice . et en celluy aʃʃault

2322 1057 1336 146 firent tant anglois que Ɉlz miʃ

2319 1172 1332 146 rent ᵷng balfroy bien pꝛes ẟes

2316 1287 1335 139 murs ẟe la cite . Ala nuytee

2312 1402 1339 152 ceʃʃa laʃʃault et miʃt gens ẟar

2316 1524 1311 135 mes et arbeleʃtriers au ẟit bal

2319 1646 1332 128 froy en eʃperance ꝺe recommẽcer

2309 1750 1346 146 le lendemain laʃʃault parle bal

2316 1875 1328 132 froy mais lendemain au point

2316 1987 1318 128 ẟu iour par le conʃeil Bertranẟ

2309 2102 1329 138 et se boiteux ꝺe paueoit le ẟit . b.

2305 2227 1333 128 en grant nombꝛe ꝺe gens ẟar

2305 2328 1333 146 mes aʃʃaillirent le ẟit balfroy

2309 2460 1332 112 et occirent les gardes et boute

2312 2572 1329 148 rent le feu gregois tant que le ẟit

2305 2680 1339 138 balfroy bꝛula ẟont loʃt fut tout

2305 2795 1336 148 eʃmeu et aʃʃaillirẽt anglois biẽ

2302 2910 1339 152 aʃpꝛemẽt ceulx ꝺe regnes qͥ yʃʃus

2302 3028 1332 149 eʃtoiẽt. la ʃe deffenẟirẽt regnois

2309 3153 1332 128 tant longuement et tant firent

2305 3275 1336 132 que ʃans perte ʃen recournerent

2316 3386 645 129 ꝺeẟens regnes.

2704 3599 933 157 A Ce temps approu

2699 3716 938 142 choit le cemps ẟiuer et

2293 3939 1349 152 et leʃ anglois trauaillez ẟe ʃiege

2704 3863 923 122 moult eʃtoient le ẟuc

2299 4079 1332 125 tenir qui longuemẽt auoit ẟure

2319 4184 1308 139 Et ƃoulentiers euʃt le ẟuc leue

2289 4306 1335 145 le ʃiege mais il auoit iure que ia

2289 4444 1335 122 mais nen partiroit tant que ʃon

2295 4542 1329 142 penon fut aʃʃiz ẟeuant la poꝛce

2295 4657 1322 145 ẟe la cite. En la cĩte eʃtoyent en
