4267 6033
684 920 1338 135 grant ꝺouleur ꝺe ƃiures et bien

699 1010 1323 156 ʃauoit Bertranẟ le ʃerment q̃

684 1126 1328 145 le ẟuc auoit fait. Si fit aʃʃem

694 1246 1323 141 bler les cheualiers eʃcuyers qui

694 1382 1318 121 ꝺe ẟens regnes eʃtoyent. Et par

684 1478 1328 140 le conʃeil. Bertranẟ fut auiʃe

684 1588 1338 146 que ʃe le ẟuc ꝺe lãclaʃtre ƃouloit

684 1734 1328 116 luy ẟixieme ʃeullemẽt entrer en

699 1855 1313 120 regnes on luy ouureroit les por

684 1965 1328 116 ces et par ʃon ʃerment acquiter

684 2056 1328 141 on luy mectroit ʃon penõ ʃur les

689 2202 1313 130 portes mais q̃ ʃon ʃiege leuaʃt.

699 2282 1308 146 Ceʃte choʃe fit ʃignifier. B. au

694 2433 1318 110 ẟuc qui ꝺebonnairement lac

687 2533 1317 134 corda. Et demanda respit de

693 2657 1324 128 troys iours pour auoir ʃur ce cõ

687 2755 1330 144 ʃeil. Pour lordõnance ꝺe Ber

687 2879 1330 144 trãs fuʃt crie en regnes que le len

683 2996 1334 141 ꝺemai fuʃt chaʃcũ arme auꝑdĩe

683 3113 1334 121 ẟu iour. Et tous ƃiures chairs

683 3224 1321 144 poiʃʃons et aultres ƃiures fuʃ

683 3338 1334 144 ʃent mis ʃur les eʃthaulx et fene

683 3452 1321 151 ʃtres ꝺe la cite tout aĩʃi que Ber

677 3562 1371 148 cranẟ le ꝺeuisa il fut fait. Aul.

677 3686 1337 134 cuns cheualiers anglois conʃeil

683 3810 1328 128 lerent au ẟuc que ꝺe ce il ne fiʃt

683 3918 1311 124 riens ʃe plainement la cite ne

677 4035 1334 137 ʃtoit miʃe a ʃon commanꝺemẽt

677 4149 1337 147 et qu ilz ʃauoyent bien que la cite

677 4263 1334 147 eʃtoit affamee touteffois celle

687 4383 1330 135 Ɉournee que le ẟuc ꝺeuoit entrer

683 4494 1334 148 Ɉl y ẽtra comme accorde lauoit

693 4615 1318 134 Et pour ce alerent alencontre

683 4725 1334 148 et yssirent ꝺehors le capitaine et

677 4843 1337 147 Bertranẟ. Et y entra luy .x.

2138 911 1337 141 ꝺe cheualiers etʃe menerent luy

2108 1015 1374 156 et ʃa compaignie cheuauchant

2138 1141 1339 135 tout parmy la cite et par la ƃille

2135 1256 747 134 pour ƃeoir leʃtat.

2586 1478 880 140 Qant le ẟuc ƃit la

2596 1598 835 151 grant plante ꝺes ƃi

2611 1729 835 136 ures qui en regnes

2133 1819 1328 146 eʃtoyent ʃur les eʃtaux et les gẽs

2138 1970 1318 111 qui y eʃtoyent armes Ɉlenuoya

2133 2051 1328 151 ƃng herault en loʃt q̃rir ʃes ban

2128 2181 1333 131 nieres et pennons. Et cantoʃt

2128 2292 1333 136 furẽt apportees et miʃes ʃur les

2131 2419 1334 131 portes ou monta le ẟuc puis les

2138 2523 1331 148 y aʃʃiʃt puis ꝺescenẟir et luy fut

2135 2644 1334 117 le ƃin aporte ẟõt il bent.  ap̃s boi

2135 2751 1330 128 re ẟit Bertrans au ẟuc. Sire

2135 2869 1330 144 ie ƃous ʃupplie quil ƃous plaiʃe

2135 2993 1324 137 moy ẟire ou ʃera la guerre doreʃ

2138 3113 1327 111 enauãt. car la me ƃoulẟroye re

2138 3220 1311 138 traire. le ẟuc luy respõ ẟit beaux

2131 3334 1287 138 amis ƃous le ʃcaures, tantoʃt.

2541 3554 920 156 De la cite de regnes yʃ

2546 3695 900 125 ʃit le ẟuc de lanclaʃtre

2546 3770 905 151 Et tantoʃt quil filt

2135 3914 1317 141 ʃur le pont ʃi gecterent ceulx ẟe

2135 4032 1320 114 regnes ʃes banieres a ʃes tallos

2135 4146 1327 130 ẟont le ẟuc fut ẟoulent ẟontil

2135 4259 1314 118 auoit fait oncques traietie tou.

2131 4377 1328 134 teʃuoies pour ʃa loyaulte cenir

2125 4487 1330 141 leua ʃon ʃiege et ʃ en ala au cha-

2131 4601 1324 131 ʃtel ẟauuoy. Puis ꝺe la ʃen

2131 4719 1324 137 partit cirant a rains la ou Ɉl

2128 4839 1297 138 cuyẟa ʃe faire coronner roy

3426 713 161 136 23.
