4267 6033
714 708 151 121 18

779 869 1329 156 ce print a crier et a bꝛaire. Et tã

784 995 1334 156 coʃt que les poꝛs ouyrent le cry

791 1119 1337 144 Ilz accoururẽt criant ne oncq̃s

787 1253 1341 131 on ne les peut garꝺer que ꝺeẟens

791 1357 1340 137 la cite ilz nentraʃʃent tous et en

780 1471 1345 144 telle pꝛeʃʃe que oncques ãglois

780 1585 1348 147 ny ouʃa appꝛocher. Ainʃi con

780 1712 1345 138 quirent les gens ꝺe regnes les

777 1823 1344 144 poꝛcs ẟu ẟuc qͥ mõlt marrye en

777 1940 1341 141 fut et ꝺe ce furent ceulx ꝺe regnes

774 2057 1351 131 moult aiʃes car longuemẽt auo-

777 2168 1341 141 yẽt Ieune ꝺe chair et lõguement

777 2282 1338 144 furet ainʃi pource q̃ le ẟuc auoit

770 2406 1341 134 le ʃiege iure et que ꝺe iour en iour

770 2513 1338 144 abaiʃʃoyent ꝺe ƃiures et ʃecours

770 2631 1338 140 nauoyent ꝺe nulle part. Le boy-

801 2748 1297 144 eux ꝺe paueoit aʃʃembla ceulx

767 2865 1348 141 ꝺe regnes pour auoir aẟuis ꝺe q̃l

764 2982 1344 141 part ilz pourꝛoyẽt auoir ʃecourʃ

774 3100 1327 134 du ẟuc charles qui ꝺeẟens nan

767 3214 1334 137 tes eʃtoit mais encoꝛes pꝛiʃon-

767 3324 1334 155 nier eʃtoit eʃlargy ʃur ʃa foyne

767 3448 1321 134 armer ne ʃe pouoit . La eʃtoit

767 3559 1314 157 ƃng bourgois ꝺe regnes qui ʃix

764 3683 1327 124 enfans auoit et nauoit que mẽ

757 3787 1331 154 gier lequel ẟit ʃeigneurs ʃil ƃous

757 3904 1348 138 plaiʃt ainʃi comme Ie ƃous di.

767 4025 1324 141 ray ceʃtaʃʃauoir Ie men iray au

764 4139 1320 141 ẟuc ẟe lãclaʃtre et luy ẟiray que

757 4256 1334 124 banny mauez et tollu le mien et

754 4367 1324 151 luy ẟiray auʃʃi que ʃecours ƃouʃ

764 4487 1314 124 ƃient ꝺe france bien pꝛochaine

757 4608 1331 131 ment et que ʃecretement ẟoiuẽt

757 4722 1324 137 entrer ͥen loʃt puis luy ẟiray que

774 4846 1327 127 de nantes ẟoiuent partir fran.

2252 898 1347 127 coys pour ƃous ʃecourir et luy ẟi

2259 1005 1337 124 ray le chemĩ quilz ẟoiuent tenir

2279 1122 1310 141 Et en ce faiʃãt pourray eʃchap

2259 1246 1327 118 per puis men yray anantes ƃers

2252 1354 1334 134 le ẟuc et luy ẟiray la miʃere ou

2259 1468 1327 127 ƃous eʃtes mais ꝺe mes enfans

2252 1578 1337 141 ƃous pꝛie. Aẟ ce furent les re-

2239 1705 1344 128 gnoiz accoꝛẟans et firent ƃne

2252 1813 1331 137 ʃaillie ʃur loʃt ẟu ẟuc et en celle

2259 1933 1327 134 ʃaillie ʃe ꝺetourna le bourgois et

2249 2051 1330 127 tant fit quil ƃint au ẟuc ꝺe lan

2245 2165 1338 137 caʃtre et luy ẟiʃt Na mõʃeigneur

2249 2282 1327 137 comme ẟure choʃe ʃera ʃe ainʃi

2252 2403 1337 134 regnes ꝺemeure. Monʃeigneur

2245 2513 1328 141 ƃꝛay eʃt q̃ Ie ʃuis ꝺe regnes maiʃ

2239 2637 1320 131 ceulx qui y ʃont menont banny

2249 2745 1320 134 Et mont oʃte ʃix enfans et col

2232 2865 1334 117 lu le miẽ pource meʃtoye retrait

2229 2999 1330 111 a nantes cuyẟant trouuer pitie

2235 3100 1318 131 ꝺeuers le ẟuc qui compte nen a

2225 3210 1324 138 tenu monʃeigneur ƃous eʃtes cy

2229 3331 1320 134 ꝺe longue main mais ʃi garꝺe

2232 3445 1297 134 ƃous ny pꝛenes longuement ƃoꝰ

2218 3559 1324 137 ny ʃeres car par ma foy ƃous au

2218 3680 1331 137 res ꝺemain francoys qui ʃecreꝛl

2212 3797 1324 121 tement ʃont partis ẟe nantes

2195 3908 1341 114 pour ƃous combatre et ƃiennẽt

2208 4032 1321 127 par ꝺeux chemins pour ƃous

2208 4142 1324 134 ʃurpꝛenẟꝛe en ꝺeux lieux. Pour

2198 4253 1324 127 ces nouuelles fit le ẟuc oꝛẟon-

2202 4373 1320 134 ner ʃes batailles et ceulx ꝺe re-

2195 4484 1331 144 gnes firent faire feux ꝺe ioye et

2195 4601 1321 124 ʃur les murs ẟe la cite firent coꝛ

2188 4722 1324 127 ner les meneʃtriers et monʃtrer

2208 4816 901 166 grãt ʃemblant ẟe ioye.
